@misc{wiki:pgg,
  author = {{Public goods game}},
  title = "Public goods game --- {W}ikipedia{,} The Free Encyclopedia",
  year = "2022",
  url = "https://en.wikipedia.org/wiki/Public_goods_game",
  note = "[Online; accessed 30-August-2022]"
}

@misc{wiki:ba,
  author = {{Barabási–Albert model}},
  title = "Barabási–Albert model --- {W}ikipedia{,} The Free Encyclopedia",
  year = "2022",
  url = "https://en.wikipedia.org/wiki/Barab%C3%A1si%E2%80%93Albert_model",
  note = "[Online; accessed 6-August-2022]"
}